@Misc{someref,
	title={Example reference},
	author={{No} author really},
}

@Misc{stackexchange,
	title={Reference to a website},
	author="{Stack Exchange}",
	url={https://tex.stackexchange.com/},
}
